@online{acid,
  title    = {Atomicity Consistency Isolation Durability},
  url      = {https://www.techopedia.com/definition/23949/atomicity-consistency-isolation-durability-acid-database-management-system},
  urldate  = {2022-09-27},
}

@online{acid1,
  title    = {ACID (atomicity, consistency, isolation, and durability)},
  url      = {https://www.techtarget.com/searchdatamanagement/definition/ACID},
  urldate  = {2022-09-27},

}

@online{2pc,
  title    = {Two-Phase Commit Protocol},
  url      = {https://www.educative.io/answers/what-is-the-two-phase-commit-protocol},
  urldate  = {2022-09-28},
}

@online{2pc1,
  title    = {Two-Phase Commit Protocol},
  url      = {https://sauravomar01.medium.com/2pc-two-phase-commit-protocol-4ba47e441cdf},
  urldate  = {2022-09-28},
}

@online{2pc2,
  title    = {Two Phase Commit Protocol (Distributed Transaction Management)},
  url      = {https://www.geeksforgeeks.org/two-phase-commit-protocol-distributed-transaction-management/},
  urldate  = {2022-09-27},
}

@book{jlp,
    title = {Tecnologia de Bases de Dados (2º Edição)},
    author = {José Luís Pereira},
    year = {1998},
    publisher = {FCA},
}

@online{BDD,
  title    = {O que é uma Base de Dados Distribuídas},
  url      = {https://www.devmedia.com.br/o-que-e-um-banco-de-dados-distribuido/24762},
  urldate  = {2022-10-12},
}

@online{DR,
  title    = {Data Replication},
  url      = {https://www.astera.com/pt/type/blog/data-replication/},
  urldate  = {2022-10-11},
}

@online{BDD1,
  title    = {Base de Dados Distribuídas},
  url      = {https://www.linkedin.com/pulse/bancos-de-dados-distribuídos-bdd-ronie-ramos-de-oliveira/?originalSubdomain=pt},
  urldate  = {2022-10-11},
}

@online{SGBD,
  title    = {Sistema de Gestão de Base de Dados},
  url      = {https://pt.wikipedia.org/wiki/Sistema_de_gerenciamento_de_banco_de_dados},
  urldate  = {2022-10-12},
}

@online{AS,
  title    = {Arquitetura de Software},
  url      = {https://pt.wikipedia.org/wiki/Arquitetura_de_software},
  urldate  = {2022-10-13},
}

@online{AS1,
  title    = {Arquitetura de Software},
  url      = {https://www.devmedia.com.br/arquitetura-de-software-desenvolvimento-orientado-para-arquitetura/8033},
  urldate  = {2022-10-13},
}

@online{scale,
  title    = {Escalabilidade Vertical e Horizontal},
  url      = {https://waldyrfelix.com.br/escalabilidade-vertical-vs-escalabilidade-horizontal-6a3981783477},
  urldate  = {2022-11-09},
}

@online{scale1,
  title    = {Diferenças entre Escalabilidade Vertical e Horizontal},
  url      = {https://pt.stackoverflow.com/questions/160142/qual-a-diferença-entre-escalonamento-vertical-e-horizontal},
  urldate  = {2022-11-09},
}

@online{mysql,
  title    = {MySQL},
  url      = {https://www.oracle.com/mysql/what-is-mysql/},
  urldate  = {2022-11-09},
}

@online{mariadb,
  title    = {MariaDB},
  url      = {https://hub.docker.com/_/mariadb},
  urldate  = {2022-11-08},
}

@online{cluster,
  title    = {Cluster},
  url      = {https://galeracluster.com/library/documentation/overview.html},
  urldate  = {2022-11-08},
}

@online{masterandslave,
  title    = {Master and Slave},
  url      = {https://mariadb.com/kb/en/about-galera-replication/},
  urldate  = {2022-11-08},
}

@online{rep,
  title    = {Replicação síncrona e assíncrona},
  url      = {https://mariadb.com/kb/en/about-galera-replication/},
  urldate  = {2022-11-08},
}

@online{repcluster,
  title    = {Replicação Galera Cluster},
  url      = {https://galeracluster.com/library/documentation/tech-desc-introduction.html},
  urldate  = {2022-11-08},
}

@online{proxy,
  title    = {Forward and Reverse Proxy},
  url      = {https://www.jscape.com/blog/forward-proxy-vs-reverse-proxy},
  urldate  = {2022-11-08},
}

@online{firewall,
  title    = {Portas Firewall},
  url      = {https://galeracluster.com/library/documentation/firewall-settings.html},
  urldate  = {2022-11-17},
}

@online{fail_keep,
  title    = {Failover Keepalived},
  url      = {https://www.redhat.com/sysadmin/advanced-keepalived},
  urldate  = {2022-11-19},
}

@online{health,
  title    = {Healthcheck},
  url      = {https://www.linode.com/docs/guides/keepalived-with-bgp-failover/},
  urldate  = {2022-11-19},
}

@online{proxy1,
  title    = {ProxySQL Configuration},
  url      = {https://proxysql.com/documentation/proxysql-configuration/},
  urldate  = {2022-11-19},
}

@online{sys,
  title    = {Instalação Sysbench},
  url      = {https://github.com/akopytov/sysbench},
  urldate  = {2022-11-08},
}

@online{instmaria,
  title    = {Instalação MariaDB},
  url      = {https://computingforgeeks.com/install-mariadb-galera-cluster-on-ubuntu-with-proxysql/},
  urldate  = {2022-11-08},
}

@online{instkeep,
  title    = {Instalação Keepalived},
  url      = {https://www.questioncomputer.com/how-to-install-and-lab-keepalived-on-ubuntu-20-04-and-rocky-linux-8-5/},
  urldate  = {2022-11-20},
}

@online{dbeaver,
  title    = {DBeaver},
  url      = {https://dbeaver.io/},
  urldate  = {2022-11-23},
}

@online{keep,
  title    = {Keepalived Direct Routing Configuration},
  url      = {https://access.redhat.com/documentation/en-us/red_hat_enterprise_linux/7/html/load_balancer_administration/s1-initial-setup-conf-dr-vsa},
  urldate  = {2022-11-19},
}

@online{keep1,
  title    = {Virtual Servers Defenition},
  url      = {https://access.redhat.com/documentation/en-us/red_hat_enterprise_linux/7/html/load_balancer_administration/ch-initial-setup-vsa#s3-initial-setup-conf-file-virt-VSA},
  urldate  = {2022-11-19},
}

@online{keep2,
  title    = {Keepalived and high availability: Advanced topics},
  url      = {https://www.redhat.com/sysadmin/advanced-keepalived},
  urldate  = {2022-11-19},
}

@online{keep3,
  title    = {Clusters LVS + Keepalived en Linux},
  url      = {https://www.estrellateyarde.org/discover/virtualizacion/clusters/clusters-ha-con-lvs/cluster-lvs-keepalived-en-linux},
  urldate  = {2022-11-19},
}

@online{keep4,
  title    = {Keepalived configuration synopsis},
  url      = {https://keepalived.readthedocs.io/en/latest/configuration_synopsis.html},
  urldate  = {2022-11-19},
}

@online{keep5,
  title    = {Instalação MariaDB e galera},
  url      = {https://www.howtoforge.com/how-to-setup-mariadb-galera-cluster-on-ubuntu-20-04/},
  urldate  = {2022-11-10},
}

@online{wireshark,
  title    = {Instalação Wireshark},
  url      = {https://linuxhint.com/install_wireshark_ubuntu/},
  urldate  = {2022-11-07},
}
